@article{hardt2021patterns,
  title={Patterns, predictions, and actions: A story about machine learning},
  author={Hardt, Moritz and Recht, Benjamin},
  journal={arXiv preprint arXiv:2102.05242},
  year={2021}
}

